<?xml version="1.0" encoding="UTF-8"?><collection xmlns="http://www.loc.gov/MARC21/slim"><record><leader>00472nam--2200181-i-4500</leader><controlfield tag="001">000019082</controlfield><controlfield tag="002">20161230</controlfield><controlfield tag="005">20161230201033</controlfield><controlfield tag="008">060222s1000------------r-----000-0-eng-d</controlfield><datafield ind1=" " ind2=" " tag="040"><subfield code="a">IFIN-HH</subfield></datafield><datafield ind1=" " ind2=" " tag="080"><subfield code="a">519.4</subfield></datafield><datafield ind1="1" ind2=" " tag="100"><subfield code="a">Feit, Walter</subfield></datafield><datafield ind1="1" ind2="0" tag="245"><subfield code="a">Characters of finite groups</subfield><subfield code="c">Walter feit</subfield></datafield><datafield ind1=" " ind2=" " tag="260"><subfield code="a">Amsterdam</subfield><subfield code="b">W.A.Benjamin, Inc</subfield><subfield code="c">1967</subfield></datafield><datafield ind1=" " ind2=" " tag="300"><subfield code="a">VIII + 186 P</subfield></datafield><datafield ind1=" " ind2=" " tag="490"><subfield code="a">Mathematics Lecture Notes</subfield></datafield><datafield ind1=" " ind2=" " tag="852"><subfield code="a">30631</subfield><subfield code="c">519.4/5</subfield></datafield><datafield ind1=" " ind2=" " tag="CAT"><subfield code="a">Sys</subfield><subfield code="c">20130812</subfield><subfield code="h">152842</subfield></datafield></record></collection>